@Article{bojanowski2016enriching,
  author    = {Bojanowski, Piotr and
               Grave, Edouard and
               Joulin, Armand
               and Mikolov, Tomas},
  title     = {{Enriching Word Vectors with Subword Information}},
  journal   = {arXiv preprint arXiv:1607.04606},
  year      = {2016}
}

@Article{bahdanau2014neural,
  author    = {Bahdanau, Dzmitry and
               Cho, Kyunghyun and
               Bengio, Yoshua},
  title     = {{Neural machine translation by jointly learning to align and translate}},
  journal   = {arXiv preprint arXiv:1409.0473},
  year      = {2014}
}

@InProceedings{opennmt,
  author    = {Guillaume Klein and
               Yoon Kim and
               Yuntian Deng and
               Jean Senellart and
               Alexander M. Rush},
  title     = {{OpenNMT: Open-Source Toolkit for Neural Machine Translation}},
  booktitle = {Proc. ACL},
  year      = {2017},
  url       = {https://doi.org/10.18653/v1/P17-4012},
  doi       = {10.18653/v1/P17-4012}
}
